
@misc{bib:bs4,
	key = {Beautiful Soup Documentation},
	Title = {Beautiful Soup Documentation},
	howpublished = {\url{http://www.crummy.com/software/BeautifulSoup/bs4/doc/}},
	note = {Accessed: 2014-10-03}}
	
@misc{bib:rand,
	Key = {Generate pseudo-random numbers},
	Title = {Generate pseudo-random numbers},
	howpublished = {\url{https://docs.python.org/2/library/random.html}},
	note = {Accessed: 2014-10-03}}

@misc{bib:files,
	key = {Reading and Writing Files},
	Title = {Reading and Writing Files},
	howpublished = {\url{https://docs.python.org/2/tutorial/inputoutput.html#reading-and-writing-files}},
	note = {Accessed: 2014-10-03}}	

@misc{bib:dir,
	author = {ghostdog74},
	Title = {Find all files in directory with extension .txt with python},
	howpublished = {\url{http://stackoverflow.com/questions/3964681/find-all-files-in-directory-with-extension-txt-with-python}},
	note = {Accessed: 2014-10-04}}		

@misc{bib:urlparse,
	key = {Parse URLs into components},
	Title = {Parse URLs into components},
	howpublished = {\url{https://docs.python.org/2/library/urlparse.html}},
	note = {Accessed: 2014-10-04}}		

@misc{bib:dot,
	key = {GraphViz DOT Format},
	Title = {GraphViz DOT Format},
	howpublished = {\url{https://gephi.github.io/users/supported-graph-formats/graphviz-dot-format/}},
	note = {Accessed: 2014-10-05}}	
	