
@misc{bib:bs4,
	key = {Beautiful Soup Documentation},
	Title = {Beautiful Soup Documentation},
	howpublished = {\url{http://www.crummy.com/software/BeautifulSoup/bs4/doc/}},
	note = {Accessed: 2014-10-03}}
	
@misc{bib:rand,
	Key = {Generate pseudo-random numbers},
	Title = {Generate pseudo-random numbers},
	howpublished = {\url{https://docs.python.org/2/library/random.html}},
	note = {Accessed: 2014-10-03}}

@misc{bib:files,
	key = {Reading and Writing Files},
	Title = {Reading and Writing Files},
	howpublished = {\url{https://docs.python.org/2/tutorial/inputoutput.html#reading-and-writing-files}},
	note = {Accessed: 2014-10-03}}	

@misc{bib:dir,
	author = {ghostdog74},
	Title = {Find all files in directory with extension .txt with python},
	howpublished = {\url{http://stackoverflow.com/questions/3964681/find-all-files-in-directory-with-extension-txt-with-python}},
	note = {Accessed: 2014-10-04}}		

@misc{bib:urlparse,
	key = {Parse URLs into components},
	Title = {Parse {URLs} into components},
	howpublished = {\url{https://docs.python.org/2/library/urlparse.html}},
	note = {Accessed: 2014-10-04}}		

@misc{bib:dot,
	key = {GraphViz DOT Format},
	Title = {{GraphViz} {DOT} Format},
	howpublished = {\url{https://gephi.github.io/users/supported-graph-formats/graphviz-dot-format/}},
	note = {Accessed: 2014-10-05}}	

@misc{bib:unicode,
	author = {Phillip},
	Title = {How to write unicode strings into a file?},
	howpublished = {\url{http://stackoverflow.com/questions/5483423/how-to-write-unicode-strings-into-a-file}},
	note = {Accessed: 2014-10-10}}		
	
@misc{bib:rline,
	author = {Frank McCown},
	Title = {Producing Simple Graphs with {R}},
	howpublished = {\url{http://www.harding.edu/fmccown/r/#linecharts}},
	note = {Accessed: 2014-10-10}}	
	
@misc{bib:l-profile,
	key={Linkedin Profile Fields},
	Title = {Profile Fields},
	howpublished = {\url{https://developer.linkedin.com/documents/profile-fields#profile}},
	note = {Accessed: 2014-10-11}}	
	
@misc{bib:py-linkedin,
	key={Linkedin {API} Access},
	Title = {Mining the Social Web, 2nd Edition},
	howpublished = {\url{http://nbviewer.ipython.org/github/furukama/Mining-the-Social-Web-2nd-Edition/blob/master/ipynb/Chapter%203%20-%20Mining%20LinkedIn.ipynb}},
	note = {Accessed: 2014-10-11}}	
	
@misc{bib:l-oauth,
	key={Linkedin Getting an OAuth Token in Python},
	Title = {Getting an OAuth Token in Python},
	howpublished = {\url{https://developer.linkedin.com/documents/getting-oauth-token-python}},
	note = {Accessed: 2014-10-11}}	
	
@misc{bib:tw-friends,
	key={GET friends list},
	Title = {{GET} friends list},
	howpublished = {\url{https://dev.twitter.com/rest/reference/get/friends/list}},
	note = {Accessed: 2014-10-10}}	
	
@misc{bib:csv,
	key={CSV File Reading and Writing},
	Title = {{CSV} File Reading and Writing},
	howpublished = {\url{https://docs.python.org/2/library/csv.html}},
	note = {Accessed: 2014-10-14}}
	
@misc{bib:firefox,
	author = {cjc},
	Title = {How can I run Firefox on CentOS with no display?},
	howpublished = {\url{http://serverfault.com/questions/363827/how-can-i-run-firefox-on-centos-with-no-display}},
	note = {Accessed: 2014-10-14}}
	
@misc{bib:stdev,
	key={Standard Deviation Formulas},
	Title = {Standard Deviation Formulas},
	howpublished = {\url{http://www.mathsisfun.com/data/standard-deviation-formulas.html}},
	note = {Accessed: 2014-10-15}}

@misc{bib:nx-tut,
	key = {NetworkX Tutorial},
	Title = {NetworkX Tutorial},
	howpublished = {\url{http://networkx.github.io/documentation/networkx-1.9.1/tutorial/tutorial.html}},
	note = {Accessed: 2014-10-22}}
	
@misc{bib:zach-data,
	key = {Karate Club Data},
	title = {Zachary karate club network dataset -- {KONECT}},
    month = Oct,
    year = {2014},
    url = {http://konect.uni-koblenz.de/networks/ucidata-zachary},
	note = {Accessed: 2014-10-22}}
	
@article{bib:zach-paper,
	author = {Wayne Zachary},
	year = {1977},
	title = {An Information Flow Model for Conflict and Fission in Small Groups},
	journal = {J. of Anthropological Research},
	volume = {33},
	pages = {452--473},
	url = {http://aris.ss.uci.edu/~lin/76.pdf},
	note = {Accessed: 2014-10-22}}
	
@misc{bib:py-str-list,
	author = {Ignacio Vazquez-Abrams},
	Title = {Python concatenate string & list},
	howpublished = {\url{http://stackoverflow.com/questions/12633024/python-concatenate-string-list}},
	note = {Accessed: 2014-10-22}}
	
@misc{bib:edge-btn,
	key = {edge_betweenness_centrality},
	Title = {NetworkX Edge Betweenness Centrality},
	howpublished = {\url{http://networkx.lanl.gov/reference/generated/networkx.algorithms.centrality.edge_betweenness_centrality.html#networkx.algorithms.centrality.edge_betweenness_centrality}},
	note = {Accessed: 2014-10-22}}
	
@misc{bib:subgraph,
	key = {connected_component_subgraphs},
	Title = {NetworkX Connected Component Subgraphs},
	howpublished = {\url{http://networkx.lanl.gov/reference/generated/networkx.algorithms.components.connected.connected_component_subgraphs.html#networkx.algorithms.components.connected.connected_component_subgraphs}},
	note = {Accessed: 2014-10-22}}
	
@article{bib:community,
	author = {Santo Fortunato},
	Title = {Community detection in graphs},
	year = {2010},
	journal = {Physics Reports},
	volume = {486},
	pages = {75--174},
	url = {http://arxiv.org/pdf/0906.0612.pdf},
	note = {Accessed: 2014-10-22}}
	
@misc{bib:force,
	author = {{A}ric {H}agberg},
	Title = {Force},
	howpublished = {\url{https://networkx.github.io/documentation/latest/examples/javascript/force.html}},
	note = {Accessed: 2014-11-1}}
	
@misc{bib:svg-remove,
	author = {{S}am},
	Title = {How can {I} remove or replace {SVG} content?},
	howpublished = {\url{http://stackoverflow.com/questions/10784018/how-can-i-remove-or-replace-svg-content}},
	note = {Accessed: 2014-11-1}}
	
@misc{bib:py-dict,
	author = {tutorialspoint},
	Title = {Python Dictionary},
	howpublished = {\url{http://www.tutorialspoint.com/python/python_dictionary.htm}},
	note = {Accessed: 2014-11-1}}
	
@misc{bib:d3-force,
	author = {{M}ike {B}ostock},
	Title = {Force-Directed Graph},
	howpublished = {\url{http://bl.ocks.org/mbostock/4062045}},
	note = {Accessed: 2014-11-1}}
	
@misc{bib:centrality,
	key = {betweenness_centrality},
	Title = {NetworkX Betweenness Centrality},
	howpublished = {\url{http://networkx.lanl.gov/reference/generated/networkx.algorithms.centrality.betweenness_centrality.html#networkx.algorithms.centrality.betweenness_centrality}},
	note = {Accessed: 2014-11-1}}
	
@misc{bib:pystring,
	author = {{M}ichael {M}rozek},
    title  = {{D}oes {P}ython have a string contains method?},
	howpublished = {\url{http://stackoverflow.com/questions/3437059/does-python-have-a-string-contains-method}},
	note = {Accessed: 2014-11-8}}

@misc{bib:nested,
	author = {{A}lok {S}inghal},
    title  = {sorting a nested dictionary with lists in python},
    howpublished = {\url{http://stackoverflow.com/questions/14719654/sorting-a-nested-dictionary-with-lists-in-python}},
	note = {Accessed: 2014-11-8}}

@misc{bib:sorting,
	key = {Python Sort},
	title = {{P}ython {S}ort},
	howpublished = {\url{http://www.dotnetperls.com/sort-python}},
	note = {Accessed: 2014-11-8}}

@book{bib:collective,
    author    = {{T}oby {S}egaran},
    title     = {{P}rogramming {C}ollective {I}ntelligence},
    publisher = {{O}'{R}eilly {M}edia},
    year      = {2007}}
	
@misc{bib:fancy,
	key = {Fancier Output Formatting},
	title = {{F}ancier {O}utput {F}ormatting},
	howpublished = {\url{https://docs.python.org/release/1.5.1p1/tut/node50.html}},
	note = {Accessed: 2014-11-9}}

@book{bib:pycookbook,
	author = {{B}rian {K}. {J}ones, {D}avid {B}eazley},
	title = {{P}ython {C}ookbook},
	publisher = {{O}'{R}eilly {M}edia},
    year      = {2013},
	section = {Working with Infinity and {N}a{N}s},
	edition = {3rd}}
	
@misc{bib:pymath,
	author = {{P}ython {S}oftware {F}oundation},
	title = {math{ - M}athematical functions},
	howpublished = {\url{https://docs.python.org/2/library/math.html }},
	note = {Accessed: 2014-11-20}}

@misc{bib:dictiter,
	author = {{P}hilip {S}outham},
	title = {'too many values to unpack', iterating over a dict. key=>string, value=>list},
	howpublished = {\url{http://stackoverflow.com/questions/5466618/too-many-values-to-unpack-iterating-over-a-dict-key-string-value-list }},
	note = {Accessed: 2014-11-20}}

@misc{bib:pycurl,
	key = {pycurl by example},
	title = {{HTTP} with {P}ython â€“ {P}yc{URL} by {E}xample},
	howpublished = {\url{http://www.angryobjects.com/2011/10/15/http-with-python-pycurl-by-example/ }},
	note = {Accessed: 2014-11-20}}
	
@misc{bib:atom,
	author = {{K}urt {M}c{K}ee},
	title = {{C}ommon {A}tom {E}lements},
	howpublished = {\url{https://pythonhosted.org/feedparser/common-atom-elements.html }},
	note = {Accessed: 2014-11-20}}

@misc{bib:pyfunctions,
	author = {{P}ython {S}oftware {F}oundation},
	title = {{B}uilt-in {F}unctions},
	howpublished = {\url{https://docs.python.org/2/library/functions.html }},
	note = {Accessed: 2014-11-20}}

@misc{bib:pystr,
	key = {python_strings},
	author = {tutorialspoint},
	title = {{P}ython {S}trings},
	howpublished = {\url{http://www.tutorialspoint.com/python/python_strings.htm }},
	note = {Accessed: 2014-11-20}}

@misc{bib:re,
	author = {{A}shwini {C}haudhary},
	title = {{P}ython: Checking if string is in a text file},
	howpublished = {\url{http://stackoverflow.com/questions/16432203/python-checking-if-string-is-in-a-text-file }},
	note = {Accessed: 2014-9-20}}
	
@misc{bib:lfile,
	author = {{A}lex {M}artelli},
	title = {{P}ython: Write a list to a file},
	howpublished = {\url{http://stackoverflow.com/questions/899103/python-write-a-list-to-a-file }},
	note = {Accessed: 2014-12-7}}

@misc{bib:class,
	key = {classification context},
	title = {{P}recision and recall},
	howpublished = {\url{http://en.wikipedia.org/wiki/Precision_and_recall#Definition_.28classification_context.29 }},
	note = {Accessed: 2014-12-10}}

@misc{bib:f1,
	key = {f1 score},
	title = {F1 score},
	howpublished = {\url{http://en.wikipedia.org/wiki/F1_score }},
	note = {Accessed: 2014-12-10}}

@misc{bib:htmlstr,
	author = {c24b},
	title = {{P}ython code to remove {HTML} tags from a string},
	howpublished = {\url{http://stackoverflow.com/questions/9662346/python-code-to-remove-html-tags-from-a-string }},
	note = {Accessed: 2014-11-20}}

@misc{bib:stripxml,
	author = {{L}eo {S}imons},
	title = {stripping illegal characters out of xml in python},
	howpublished = {\url{http://lsimons.wordpress.com/2011/03/17/stripping-illegal-characters-out-of-xml-in-python/ }},
	note = {Accessed: 2014-11-20}}
	
@misc{bib:pystdout,
	author = {{A}lan {G}auld},
	title = {how to redirect sys.stdout back to screen in {IDLE}},
	howpublished = {\url{https://mail.python.org/pipermail/tutor/2002-November/018792.html }},
	note = {Accessed: 2014-11-20}}